@article{gu2023mamba,
  title={Mamba: Linear-time sequence modeling with selective state spaces},
  author={Gu, Albert and Dao, Tri},
  journal={arXiv preprint arXiv:2312.00752},
  year={2023}
}

@misc{gu2022structuredstatespaces,
  title = {Structured State Spaces: Combining Continuous-Time, Recurrent, and Convolutional Models},
  author = {Gu, Albert and Goel, Karan and Saab, Khaled and R{\'e}, Chris},
  year = {2022},
  month = {January},
  day = {14},
  howpublished = {Hazy Research Blog},
  url = {https://hazyresearch.stanford.edu/blog/2022-01-14-s4-3},
  note = {Accessed on 2025-04-02},
  urldate = {2025-04-02}
}

@article{gu2021efficiently,
  title={Efficiently modeling long sequences with structured state spaces},
  author={Gu, Albert and Goel, Karan and R{\'e}, Christopher},
  journal={arXiv preprint arXiv:2111.00396},
  year={2021}
}

@misc{wikipedia_discretization,
  title = {Discretization},
  author = {{Wikipedia contributors}},
  howpublished = {\url{https://en.wikipedia.org/wiki/Discretization}},
  note = {Accessed: 2025-04-02},
  year = {2025},
  url = {https://en.wikipedia.org/wiki/Discretization?oldformat=true}
}