@article{schulman2017proximal,
  title={Proximal policy optimization algorithms},
  author={Schulman, John and Wolski, Filip and Dhariwal, Prafulla and Radford, Alec and Klimov, Oleg},
  journal={arXiv preprint arXiv:1707.06347},
  year={2017}
}

@inproceedings{mnih2016asynchronous,
  title={Asynchronous methods for deep reinforcement learning},
  author={Mnih, Volodymyr and Badia, Adria Puigdomenech and Mirza, Mehdi and Graves, Alex and Lillicrap, Timothy and Harley, Tim and Silver, David and Kavukcuoglu, Koray},
  booktitle={International Conference on Machine Learning},
  pages={1928--1937},
  year={2016},
  organization={PMLR}
}

@article{schulman2018highdimensional,
  title={High-dimensional continuous control using generalized advantage estimation},
  author={Schulman, John and Moritz, Philipp and Levine, Sergey and Jordan, Michael and Abbeel, Pieter},
  journal={arXiv preprint arXiv:1506.02438},
  year={2018}
}

@misc{raffin2021stable,
  author = {Raffin, Antonin and Hill, Ashley and Gleave, Adam and Kanervisto, Anssi and Ernestus, Maximilian and Dormann, Noah},
  title = {Stable-Baselines3: Reliable Reinforcement Learning Implementations},
  year = {2021},
  publisher = {Journal of Machine Learning Research},
  howpublished = {\url{https://github.com/DLR-RM/stable-baselines3}},
}

@misc{rl-zoo3,
  author = {Raffin, Antonin},
  title = {RL Baselines3 Zoo},
  year = {2020},
  publisher = {GitHub},
  journal = {GitHub repository},
  howpublished = {\url{https://github.com/DLR-RM/rl-baselines3-zoo}},
}

@article{mnih2015human,
  title={Human-level control through deep reinforcement learning},
  author={Mnih, Volodymyr and Kavukcuoglu, Koray and Silver, David and Rusu, Andrei A and Veness, Joel and Bellemare, Marc G and Graves, Alex and Riedmiller, Martin and Fidjeland, Andreas K and Ostrovski, Georg and others},
  journal={Nature},
  volume={518},
  number={7540},
  pages={529--533},
  year={2015},
  publisher={Nature Publishing Group}
}

@inproceedings{schulman2015trust,
  title={Trust region policy optimization},
  author={Schulman, John and Levine, Sergey and Abbeel, Pieter and Jordan, Michael and Moritz, Philipp},
  booktitle={International conference on machine learning},
  pages={1889--1897},
  year={2015},
  organization={PMLR}
}

@article{sutton2000policy,
  title={Policy gradient methods for reinforcement learning with function approximation},
  author={Sutton, Richard S and McAllester, David A and Singh, Satinder P and Mansour, Yishay},
  journal={Advances in neural information processing systems},
  volume={12},
  year={2000}
}

@book{sutton2018reinforcement,
  title={Reinforcement learning: An introduction},
  author={Sutton, Richard S and Barto, Andrew G},
  year={2018},
  publisher={MIT press}
}

@article{raffin2019automatic,
  title={Automatic hyperparameter optimization for reinforcement learning: A case study},
  author={Raffin, Antonin and Hill, Ashley},
  journal={arXiv preprint arXiv:1910.07013},
  year={2019}
}

@misc{SpinningUp2018,
  author = {Achiam, Joshua},
  title = {Spinning Up in Deep Reinforcement Learning},
  year = {2018},
  publisher = {OpenAI},
  howpublished = {\url{https://spinningup.openai.com}}
}

@article{haarnoja2018soft,
  title={Soft actor-critic: Off-policy maximum entropy deep reinforcement learning with a stochastic actor},
  author={Haarnoja, Tuomas and Zhou, Aurick and Abbeel, Pieter and Levine, Sergey},
  journal={arXiv preprint arXiv:1801.01290},
  year={2018}
}

@inproceedings{shengyi2022the37implementation,
  author = {Huang, Shengyi and Dossa, Rousslan Fernand Julien and Raffin, Antonin and Kanervisto, Anssi and Wang, Weixun},
  title = {The 37 Implementation Details of Proximal Policy Optimization},
  booktitle = {ICLR Blog Track},
  year = {2022},
  note = {https://iclr-blog-track.github.io/2022/03/25/ppo-implementation-details/},
  url  = {https://iclr-blog-track.github.io/2022/03/25/ppo-implementation-details/}
}