@inproceedings{fu2019cyclical,
	author = {Fu, Hao and Li, Chunyuan and Liu, Xiaodong and Gao, Jianfeng and {\c C}elikyilmaz, Asli and Carin, Lawrence},
	booktitle = NAACL,
	doi = {10.18653/v1/n19-1021},
	editor = {Burstein, Jill and Doran, Christy and Solorio, Thamar},
	pages = {240--250},
	publisher = ACL,
	title = {{Cyclical Annealing Schedule: A Simple Approach to Mitigating KL Vanishing}},
	url = {https://doi.org/10.18653/v1/n19-1021},
	year = {2019}
}

@inproceedings{chan2019everybody,
  title={Everybody dance now},
  author={Chan, Caroline and Ginosar, Shiry and Zhou, Tinghui and Efros, Alexei A},
  booktitle={Proceedings of the IEEE/CVF international conference on computer vision},
  pages={5933--5942},
  year={2019}
}

@inproceedings{denton2018stochastic,
  title={Stochastic video generation with a learned prior},
  author={Denton, Emily and Fergus, Rob},
  booktitle={International conference on machine learning},
  pages={1174--1183},
  year={2018},
  organization={PMLR}
}