@article{mnih2015human,
  author       = {Mnih, Volodymyr and Kavukcuoglu, Koray and Silver, David and Rusu, Andrei A. and Veness, Joel and Bellemare, Marc G. and Graves, Alex and Riedmiller, Martin and Fidjeland, Andreas K. and Ostrovski, Georg and Petersen, Stig and Beattie, Charles and Sadik, Amir and Antonoglou, Ioannis and King, Helen and Kumaran, Dharshan and Wierstra, Daan and Legg, Shane and Hassabis, Demis},
  title        = {Human-level Control through Deep Reinforcement Learning},
  journaltitle = {Nature},
  volume       = {518},
  number       = {7540},
  pages        = {529--533},
  date         = {2015-02-26},
  doi          = {10.1038/nature14236},
}

@article{mnih2013playing,
  title={Playing atari with deep reinforcement learning},
  author={Mnih, Volodymyr and Kavukcuoglu, Koray and Silver, David and Graves, Alex and Antonoglou, Ioannis and Wierstra, Daan and Riedmiller, Martin},
  journal={arXiv preprint arXiv:1312.5602},
  year={2013}
}

@inproceedings{van2016deep,
  author       = {Van Hasselt, Hado and Guez, Arthur and Silver, David},
  title        = {Deep Reinforcement Learning with Double {Q}-Learning},
  booktitle    = {Proceedings of the AAAI Conference on Artificial Intelligence},
  volume       = {30},
  number       = {1},
  pages        = {2094--2100},
  date         = {2016},
  doi          = {10.1609/aaai.v30i1.10295},
}

@inproceedings{schaul2016prioritized,
  author       = {Schaul, Tom and Quan, John and Antonoglou, Ioannis and Silver, David},
  title        = {Prioritized Experience Replay},
  booktitle    = {International Conference on Learning Representations (ICLR)},
  date         = {2016},
  eprint       = {1511.05952},
  eprinttype   = {arXiv},
  primaryclass = {cs.LG},
  url          = {https://arxiv.org/abs/1511.05952},
}

@inproceedings{fortunato2018noisy,
  author       = {Fortunato, Meire and Azar, Mohammad Gheshlaghi and Piot, Bilal and Menick, Jacob and Osband, Ian and Graves, Alex and Mnih, Vlad and Munos, Rémi and Hassabis, Demis and Pietquin, Olivier and Blundell, Charles and Legg, Shane},
  title        = {Noisy Networks for Exploration},
  booktitle    = {International Conference on Learning Representations (ICLR)},
  date         = {2018},
  eprint       = {1706.10295},
  eprinttype   = {arXiv},
  primaryclass = {cs.LG},
  url          = {https://openreview.net/forum?id=rywHCPkAW},
}

@inproceedings{wang2016dueling,
  author       = {Wang, Ziyu and Schaul, Tom and Hessel, Matteo and Van Hasselt, Hado and Lanctot, Marc and De~Freitas, Nando},
  title        = {Dueling Network Architectures for Deep Reinforcement Learning},
  booktitle    = {Proceedings of the 33rd International Conference on Machine Learning (ICML)},
  volume       = {48},
  pages        = {1995--2003},
  date         = {2016},
  doi          = {10.48550/arXiv.1511.06581},
  url          = {https://proceedings.mlr.press/v48/wang16f.html},
}

@book{sutton2018reinforcement,
  author       = {Sutton, Richard S. and Barto, Andrew G.},
  title        = {Reinforcement Learning: An Introduction},
  edition      = {2},
  publisher    = {MIT Press},
  location     = {Cambridge, MA},
  date         = {2018-11-13},
  isbn         = {9780262039246},
  url          = {http://incompleteideas.net/book/the-book-2nd.html},
}

@inproceedings{hessel2018rainbow,
  author       = {Hessel, Matteo and Modayil, Joseph and Van Hasselt, Hado and Schaul, Tom and Ostrovski, Georg and Dabney, Will and Horgan, Dan and Piot, Bilal and Azar, Mohammad and Silver, David},
  title        = {Rainbow: Combining Improvements in Deep Reinforcement Learning},
  booktitle    = {Proceedings of the AAAI Conference on Artificial Intelligence},
  volume       = {32},
  number       = {1},
  date         = {2018},
  doi          = {10.1609/aaai.v32i1.11796},
  url          = {https://ojs.aaai.org/index.php/AAAI/article/view/11796},
}

@article{bellemare2013arcade,
  author       = {Bellemare, Marc G. and Naddaf, Yavar and Veness, Joel and Bowling, Michael},
  title        = {The Arcade Learning Environment: An Evaluation Platform for General Agents},
  journaltitle = {Journal of Artificial Intelligence Research},
  volume       = {47},
  pages        = {253--279},
  date         = {2013-06-12},
  doi          = {10.1613/jair.3912},
}

@inproceedings{dabney2018distributional,
  author       = {Dabney, Will and Rowland, Mark and Bellemare, Marc G. and Munos, Rémi},
  title        = {Distributional Reinforcement Learning with Quantile Regression},
  booktitle    = {Proceedings of the AAAI Conference on Artificial Intelligence},
  volume       = {32},
  number       = {1},
  date         = {2018},
  doi          = {10.1609/aaai.v32i1.11791},
  url          = {https://ojs.aaai.org/index.php/AAAI/article/view/11791},
}

@inproceedings{bellemare2017distributional,
  author       = {Bellemare, Marc G. and Dabney, Will and Munos, Rémi},
  title        = {A Distributional Perspective on Reinforcement Learning},
  booktitle    = {Proceedings of the 34th International Conference on Machine Learning (ICML)},
  volume       = {70},
  pages        = {449--458},
  date         = {2017},
  doi          = {10.48550/arXiv.1707.06887},
  url          = {http://proceedings.mlr.press/v70/bellemare17a.html},
}

@inproceedings{fujimoto2018addressing,
  author       = {Fujimoto, Scott and Van Hoof, Herke and Meger, David},
  title        = {Addressing Function Approximation Error in Actor--Critic Methods},
  booktitle    = {Proceedings of the 35th International Conference on Machine Learning (ICML)},
  volume       = {80},
  pages        = {1587--1596},
  publisher    = {PMLR},
  date         = {2018},
  doi          = {10.48550/arXiv.1802.09477},
}
